@article{NV78,
    author = {Narendra, K. S. and Valavani, L. S.},
    title = {Stable adaptive controller design---Direct control},
    journal = {IEEE Transactions on Automatic Control},
    year = {1978},
    volume = {23},
    number = {4},
    pages = {570 - 583},
    month = {aug},
    keywords = {Adaptive control; Linear systems, time-invariant continuous-time; Stability;},
    file = {NV78.pdf},
    confidential = {n}
}
@article{NLV80,
    author = {Narendra, K. S. and Lin, Y.-H. and Valavani, L. S.},
    title = {Stable adaptive controller design, part II: Proof of stability},
    journal = {IEEE Transactions on Automatic Control},
    year = {1980},
    volume = {25},
    number = {3},
    pages = {440 - 448},
    month = {jun},
    keywords = {Adaptive control; Linear systems, time-invariant continuous-time; Stability;},
    file = {NLV80.pdf},
    confidential = {n}
}
@article{Mon74,
    author = {Monopoli, R.},
    title = {Model reference adaptive control with an augmented error signal},
    journal = {IEEE Transactions on Automatic Control},
    year = {1974},
    volume = {19},
    number = {5},
    pages = {474 - 484},
    month = {oct},
    keywords = {Adaptive control; Nonlinear systems, continuous-time;},
    file = {Mon74.pdf},
    confidential = {n}
}
@book{IS96,
    author = {Ioannou, P. and Sun, J.},
    title = {Robust Adaptive Control},
    publisher = {Prentice Hall, Inc},
    year = {1996},
    url = {http://www-rcf.usc.edu/~ioannou/Robust_Adaptive_Control.htm},
    file = {IS96.pdf},
    confidential = {n}
}
@book{MH93,
    author = {Murgaš, J. and Hejda, I.},
    title = {Adaptívne riadenie technologických procesov},
    publisher = {Slovenská technická univerzita v Bratislave},
    year = {1993},
    file = {MH93.pdf},
    confidential = {n}
}
@book{But92,
    author = {Butler, H.},
    title = {Model Reference Adaptive Control: From theory to practice},
    publisher = {Prentice Hall International (UK) Ltd.},
    year = {1992},
    file = {But92.pdf},
    confidential = {n}
}
@book{IF06,
    author = {Ioannou, P. and Fidan, B.},
    title = {Adaptive Control Tutorial},
    publisher = {Society for Industrial and Applied Mathematics, USA.},
    year = {2006},
    file = {IF06.pdf},
    confidential = {n}
}
@book{Tao03,
    author = {Tao, G.},
    title = {Adaptive control design and analysis},
    publisher = {John Wiley \& Sons, Inc.},
    year = {2003},
    file = {Tao03.pdf},
    confidential = {n}
}
@book{AW95,
    author = {{\AA}str{\"o}m, K.J. and Wittenmark, B.},
    title = {Adaptive Cotrol, 2nd edition},
    publisher = {Addison-Wesley},
    year = {1995},
    file = {AW95.pdf},
    confidential = {n}
}
@book{SB94,
    author = {Sastry, S. and Bodson, M.},
    title = {Adaptive Control: Stability, Convergence, and Robustness.},
    publisher = {Prentice-Hall.},
    year = {1994},
    file = {SB94.pdf},
    confidential = {n}
}
@article{Tar11,
    author = {Tárník, M.},
    title = {Direct Model Reference Adaptive Control of Small Laboratory DC Motor},
    journal = {posterus.sk},
    year = {2011},
    volume = {4},
    number = {1},
    url = {http://www.posterus.sk/?p=;87;},
    confidential = {n}
}
@book{NA89,
    author = {Narendra, K. S. and Annaswamy, A. M.},
    title = {Stable adaptive systems},
    publisher = {Prentice Hall, Englewood Cliffs, NJ},
    year = {1989},
    confidential = {n}
}
@book{PY98,
    author = {Passino, K. M. and Yurkovich, S.},
    title = {Fuzzy Control},
    publisher = {Addison Wesley Longman, Inc.},
    year = {1998},
    file = {PY98.pdf},
    confidential = {n}
}
@book{AsM08,
    author = {{\AA}str{\"o}m, K. J. and Murray, R. M.},
    title = {Feedback Systems},
    publisher = {Princeton University Press},
    year = {2008},
    file = {AsM08.pdf},
    confidential = {n}
}
@Book{Ljung1999,
  title     = {System Identification (2nd Ed.): Theory for the User},
  publisher = {Prentice Hall PTR},
  year      = {1999},
  author    = {Lennart Ljung},
  address   = {Upper Saddle River, NJ, USA},
  file      = {:pdf\\Ljung_1999_SIT_293154.pdf:PDF},
  groups    = {19_IdentCGM},
  isbn      = {0-13-656695-2},
  timestamp = {2014.01.01},
}
